<?xml version="1.0" encoding="UTF-8"?><collection xmlns="http://www.loc.gov/MARC21/slim"><record><leader>00345nam--2200121-i-4500</leader><controlfield tag="001">000004842</controlfield><controlfield tag="002">20161230</controlfield><controlfield tag="005">20161230201026</controlfield><controlfield tag="008">060222s1000------------r-----000-0-eng-d</controlfield><datafield ind1=" " ind2=" " tag="100"><subfield code="a">Chretien, Lucien</subfield></datafield><datafield ind1=" " ind2=" " tag="245"><subfield code="a">Ce que le technicien doit savoir des semi-cond ucteurs.(diodes et transistors)</subfield></datafield><datafield ind1=" " ind2=" " tag="260"><subfield code="a">Paris, Editions Chiron. 104 P</subfield></datafield><datafield ind1=" " ind2=" " tag="852"><subfield code="a">14838</subfield></datafield></record></collection>